<?xml version="1.0" encoding="UTF-8"?><record xmlns="http://www.loc.gov/MARC21/slim" xmlns:cinclude="http://apache.org/cocoon/include/1.0" xmlns:zs="http://www.loc.gov/zing/srw/">
  <leader>00416nz  a2200133n  4500</leader>
  <controlfield tag="001">no 99087374 </controlfield>
  <controlfield tag="003">DLC</controlfield>
  <controlfield tag="005">19991208071523.0</controlfield>
  <controlfield tag="008">991207n| acannaabn          |n ana     c</controlfield>
  <datafield tag="010" ind1=" " ind2=" ">
    <subfield code="a">no 99087374 </subfield>
  </datafield>
  <datafield tag="035" ind1=" " ind2=" ">
    <subfield code="a">(OCoLC)oca05115858</subfield>
  </datafield>
  <datafield tag="040" ind1=" " ind2=" ">
    <subfield code="a">MoSU-L</subfield>
    <subfield code="b">eng</subfield>
    <subfield code="c">MoSU-L</subfield>
  </datafield>
  <datafield tag="110" ind1="2" ind2=" ">
    <subfield code="a">Dolcin Corporation</subfield>
  </datafield>
  <datafield tag="670" ind1=" " ind2=" ">
    <subfield code="a">The Dolcin case and the Federal Trade Commission, c1963:</subfield>
    <subfield code="b">p. (Dolcin Corporation; chartered in N.Y.; Dec. 10, 1945)</subfield>
  </datafield>
</record>